@article{BA_2020SciPy-NMeth,
  author  = {Virtanen, Pauli and Gommers, Ralf and Oliphant, Travis E. and
             Haberland, Matt and Reddy, Tyler and Cournapeau, David and
             Burovski, Evgeni and Peterson, Pearu and Weckesser, Warren and
             Bright, Jonathan and {van der Walt}, St{\'e}fan J. and
             Brett, Matthew and Wilson, Joshua and Millman, K. Jarrod and
             Mayorov, Nikolay and Nelson, Andrew R. J. and Jones, Eric and
             Kern, Robert and Larson, Eric and Carey, C J and
             Polat, {\.I}lhan and Feng, Yu and Moore, Eric W. and
             {VanderPlas}, Jake and Laxalde, Denis and Perktold, Josef and
             Cimrman, Robert and Henriksen, Ian and Quintero, E. A. and
             Harris, Charles R. and Archibald, Anne M. and
             Ribeiro, Ant{\^o}nio H. and Pedregosa, Fabian and
             {van Mulbregt}, Paul and {SciPy 1.0 Contributors}},
  title   = {{{SciPy} 1.0: Fundamental Algorithms for Scientific
             Computing in Python}},
  journal = {Nature Methods},
  year    = {2020},
  volume  = {17},
  pages   = {261--272},
  adsurl  = {https://rdcu.be/b08Wh},
  doi     = {10.1038/s41592-019-0686-2}
}
@article{BA_Alicki_1979,
  doi       = {10.1088/0305-4470/12/5/007},
  url       = {https://doi.org/10.1088/0305-4470/12/5/007},
  year      = 1979,
  month     = {05},
  publisher = {{IOP} Publishing},
  volume    = {12},
  number    = {5},
  pages     = {L103--L107},
  author    = {R Alicki},
  title     = {The quantum open system as a model of the heat engine},
  journal   = {Journal of Physics A: Mathematical and General},
  abstract  = {The quantum open system weakly coupled to thermal reservoirs at different temperatures and under the influence of slowly varying external conditions is studied. The famous Carnot inequality for the efficiency of any heat engine is obtained.}
}

@inbook{BA_Alicki2018,
  author    = {Alicki, Robert
               and Kosloff, Ronnie},
  editor    = {Binder, Felix
               and Correa, Luis A.
               and Gogolin, Christian
               and Anders, Janet
               and Adesso, Gerardo},
  title     = {Introduction to Quantum Thermodynamics: History and Prospects},
  booktitle = {Thermodynamics in the Quantum Regime: Fundamental Aspects and New Directions},
  year      = {2018},
  publisher = {Springer International Publishing},
  address   = {Cham},
  pages     = {1--33},
  abstract  = {Quantum Thermodynamics is a continuous dialogue between two independent theories: Thermodynamics and Quantum Mechanics. Whenever the two theories have addressed the same phenomena new insight has emerged. We follow the dialogue from equilibrium Quantum Thermodynamics and the notion of entropy and entropy inequalities which are the base of the II-law. Dynamical considerations lead to non-equilibrium thermodynamics of quantum Open Systems. The central part played by completely positive maps is discussed leading to the Gorini--Kossakowski--Lindblad--Sudarshan ``GKLS'' equation. We address the connection to thermodynamics through the system-bath weak-coupling-limit WCL leading to dynamical versions of the I-law. The dialogue has developed through the analysis of quantum engines and refrigerators. Reciprocating and continuous engines are discussed. The autonomous quantum absorption refrigerator is employed to illustrate the III-law. Finally, we describe some open questions and perspectives.},
  isbn      = {978-3-319-99046-0},
  doi       = {10.1007/978-3-319-99046-0_1},
  url       = {https://doi.org/10.1007/978-3-319-99046-0_1}
}

@book{BA_breuer2002theory,
  title     = {The theory of open quantum systems},
  author    = {Breuer, Heinz-Peter and Petruccione, Francesco and others},
  year      = {2002},
  publisher = {Oxford University Press on Demand}
}
@article{BA_Christandl_2004,
  doi       = {10.1103/physrevlett.92.187902},
  url       = {https://doi.org/10.1103%2Fphysrevlett.92.187902},
  year      = 2004,
  month     = {05},
  publisher = {American Physical Society ({APS})},
  volume    = {92},
  number    = {18},
  author    = {Matthias Christandl and Nilanjana Datta and Artur Ekert and Andrew J. Landahl},
  title     = {Perfect State Transfer in Quantum Spin Networks},
  journal   = {Physical Review Letters}
}
@book{BA_cohen_tannoudji,
  author    = {{Cohen-Tannoudji}, Claude and {Diu}, Bernard and {Laloe}, Frank},
  title     = {{Quantum Mechanics, Volume 1}},
  year      = 1977,
  volume    = {1},
  publisher = {Wiley},
  url       = {https://ui.adsabs.harvard.edu/abs/1986qmv1.book.....C}
}
@inbook{BA_Coleman_JordanWigner,
  author    = {Coleman, Piers},
  month     = {11},
  title     = {Introduction to Many-Body Physics},
  year      = {2015},
  publisher = {Cambridge University Press},
  address   = {Rutgers University, New Jersey},
  pages     = {71--77},
  doi       = {10.1007/3-540-28890-2_8},
  url       = {https://doi.org/10.1007/3-540-28890-2_8}
}
@article{BA_CookShore_perfect-state-transfer,
  title     = {Coherent dynamics of $N$-level atoms and molecules. III. An analytically soluble periodic case},
  author    = {Cook, Richard J. and Shore, Bruce W.},
  journal   = {Phys. Rev. A},
  volume    = {20},
  issue     = {2},
  pages     = {539--544},
  numpages  = {0},
  year      = {1979},
  month     = {Aug},
  publisher = {American Physical Society},
  doi       = {10.1103/PhysRevA.20.539},
  url       = {https://link.aps.org/doi/10.1103/PhysRevA.20.539}
}
@article{BA_CROOKS-fluctuation,
  title     = {Entropy production fluctuation theorem and the nonequilibrium work relation for free energy differences},
  author    = {Crooks, Gavin E.},
  journal   = {Phys. Rev. E},
  volume    = {60},
  issue     = {3},
  pages     = {2721--2726},
  numpages  = {0},
  year      = {1999},
  month     = {09},
  publisher = {American Physical Society},
  doi       = {10.1103/PhysRevE.60.2721},
  url       = {https://link.aps.org/doi/10.1103/PhysRevE.60.2721}
}
@inbook{BA_Czycholl2017,
  author    = {Czycholl, Gerd},
  title     = {Kollektiver Magnetismus},
  booktitle = {Theoretische Festk{\"o}rperphysik Band 2: Anwendungen: Nichtgleichgewicht, Verhalten in {\"a}u{\ss}eren Feldern, kollektive Ph{\"a}nomene},
  year      = {2017},
  publisher = {Springer Berlin Heidelberg},
  address   = {Berlin, Heidelberg},
  pages     = {271--345},
  abstract  = {In diesem Kapitel werden Modelle f{\"u}r kollektiven Magnetismus, d.h. Ferro- oder Antiferro-Magnetismus, behandelt. Es wird zun{\"a}chst gezeigt, durch welche Mechanismen lokalisierte magnetische Momente miteinander wechselwirken k{\"o}nnen. Konkret wird die direkte Austauschwechselwirkung besprochen und die indirekte, {\"u}ber Leitungselektronen vermittelte RKKY-Wechselwirkung. Das Heisenberg-Modell f{\"u}r miteinander wechselwirkende magnetische Momente wird ausf{\"u}hrlich in Molekularfeld-N{\"a}herung behandelt. Magnonen als einfachste, Anregungen im Heisenberg-Modell werden mittels der Holstein-Primakoff-Transformation eingef{\"u}hrt. Es wird auch das Mermin-Wagner-Theorem besprochen, wonach in ein und zwei Dimensionen beim Heisenberg-Modell keine langreichweitige magnetische Ordnung auftreten darf. Das Ising-Modell wird als vereinfachte, anisotrope Version des Heisenberg-Modells eingef{\"u}hrt, und die wichtigsten Ergebnisse f{\"u}r das Ising-Modell werden zusammengestellt, einschlie{\ss}lich der exakten L{\"o}sung in einer Dimension; dabei werden auch Monte-Carlo-Methoden eingef{\"u}hrt und Ergebnisse vorgestellt. Schlie{\ss}lich wird noch Band-Magnetismus besprochen, und die Stoner-Theorie des Band-Magnetismus {\"u}ber eine Molekularfeld-Approximation am Hubbard-Modell hergeleitet. Als aktuelles Anwendungsbeispiel f{\"u}r Band-Ferro- bzw. -Antiferro-Magnetismus wird der Riesen-Magnetowiderstands-(GMR-)Effekt erkl{\"a}rt. Schlie{\ss}lich wird noch gezeigt, dass und wie das Hubbard-Modell bei halber F{\"u}llung und f{\"u}r gro{\ss}e U auf ein antiferromagnetisches Heisenberg-Modell abgebildet werden kann.},
  isbn      = {978-3-662-53701-5},
  doi       = {10.1007/978-3-662-53701-5_6},
  url       = {https://doi.org/10.1007/978-3-662-53701-5_6}
}
@article{BA_edit_quantumdiscord_detailed,
  title     = {Observable Measure of Bipartite Quantum Correlations},
  author    = {Girolami, Davide and Adesso, Gerardo},
  journal   = {Phys. Rev. Lett.},
  volume    = {108},
  issue     = {15},
  pages     = {150403},
  numpages  = {6},
  year      = {2012},
  month     = {Apr},
  publisher = {American Physical Society},
  doi       = {10.1103/PhysRevLett.108.150403},
  url       = {https://link.aps.org/doi/10.1103/PhysRevLett.108.150403}
}
@article{BA_edit_quantumdiscord_introduction,
  title     = {Necessary and Sufficient Condition for Nonzero Quantum Discord},
  author    = {Dakić, Borivoje and Vedral, Vlatko and Brukner, Časlav},
  journal   = {Phys. Rev. Lett.},
  volume    = {105},
  issue     = {19},
  pages     = {190502},
  numpages  = {4},
  year      = {2010},
  month     = {Nov},
  publisher = {American Physical Society},
  doi       = {10.1103/PhysRevLett.105.190502},
  url       = {https://link.aps.org/doi/10.1103/PhysRevLett.105.190502}
}
@article{BA_harris2020array_NumPy,
  title     = {Array programming with {NumPy}},
  author    = {Charles R. Harris and K. Jarrod Millman and St{\'{e}}fan J.
               van der Walt and Ralf Gommers and Pauli Virtanen and David
               Cournapeau and Eric Wieser and Julian Taylor and Sebastian
               Berg and Nathaniel J. Smith and Robert Kern and Matti Picus
               and Stephan Hoyer and Marten H. van Kerkwijk and Matthew
               Brett and Allan Haldane and Jaime Fern{\'{a}}ndez del
               R{\'{i}}o and Mark Wiebe and Pearu Peterson and Pierre
               G{\'{e}}rard-Marchant and Kevin Sheppard and Tyler Reddy and
               Warren Weckesser and Hameer Abbasi and Christoph Gohlke and
               Travis E. Oliphant},
  year      = {2020},
  month     = sep,
  journal   = {Nature},
  volume    = {585},
  number    = {7825},
  pages     = {357--362},
  doi       = {10.1038/s41586-020-2649-2},
  publisher = {Springer Science and Business Media {LLC}},
  url       = {https://doi.org/10.1038/s41586-020-2649-2}
}

@article{BA_heisenberg-unsch,
  author       = {Heisenberg, Werner},
  date         = {23 March 1927},
  journaltitle = {Zeitschrift für Physik},
  title        = {Über den anschaulichen Inhalt der quantentheoretischen Kinematik und Mechanik},
  year         = {1927}
}
@book{BA_HS_nielsenchuang,
  title     = {Quantum Computation and Quantum Information},
  author    = {Nielsen, Michael and Chuang, Isaac},
  year      = 2010,
  publisher = {Cambridge University Press},
  address   = {Cambridge}
}
@book{BA_Johann_vN,
  author    = {von Neumann, Johann},
  title     = {Mathematische Grundlagen der Quantenmechanik},
  year      = 1968,
  publisher = {Springer},
  address   = {Berlin}
}
@article{BA_JOHANSSON20131234_QuTiP,
  title    = {QuTiP 2: A Python framework for the dynamics of open quantum systems},
  journal  = {Computer Physics Communications},
  volume   = {184},
  number   = {4},
  pages    = {1234-1240},
  year     = {2013},
  issn     = {0010-4655},
  doi      = {https://doi.org/10.1016/j.cpc.2012.11.019},
  url      = {https://www.sciencedirect.com/science/article/pii/S0010465512003955},
  author   = {J.R. Johansson and P.D. Nation and Franco Nori},
  keywords = {Open quantum systems, Lindblad, Bloch–Redfield, Floquet–Markov, Master equation, Quantum Monte Carlo, Python},
  abstract = {We present version 2 of QuTiP, the Quantum Toolbox in Python. Compared to the preceding version [J.R. Johansson, P.D. Nation, F. Nori, Comput. Phys. Commun. 183 (2012) 1760.], we have introduced numerous new features, enhanced performance, and made changes in the Application Programming Interface (API) for improved functionality and consistency within the package, as well as increased compatibility with existing conventions used in other scientific software packages for Python. The most significant new features include efficient solvers for arbitrary time-dependent Hamiltonians and collapse operators, support for the Floquet formalism, and new solvers for Bloch–Redfield and Floquet–Markov master equations. Here we introduce these new features, demonstrate their use, and give a summary of the important backward-incompatible API changes introduced in this version.
              Program Summary
              Program title: QuTiP: The Quantum Toolbox in Python Catalog identifier: AEMB_v2_0 Program summary URL:http://cpc.cs.qub.ac.uk/summaries/AEMB_v2_0.html Program obtainable from: CPC Program Library, Queen’s University, Belfast, N. Ireland Licensing provisions: GNU General Public License, version 3 No. of lines in distributed program, including test data, etc.: 33625 No. of bytes in distributed program, including test data, etc.: 410064 Distribution format: tar.gz Programming language: Python. Computer: i386, x86-64. Operating system: Linux, Mac OSX. RAM: 2+ Gigabytes Classification: 7. External routines: NumPy, SciPy, Matplotlib, Cython Catalog identifier of previous version: AEMB_v1_0 Journal reference of previous version: Comput. Phys. Comm. 183 (2012) 1760 Does the new version supercede the previous version?: Yes Nature of problem: Dynamics of open quantum systems Solution method: Numerical solutions to Lindblad, Floquet–Markov, and Bloch–Redfield master equations, as well as the Monte Carlo wave function method. Reasons for new version: Compared to the preceding version we have introduced numerous new features, enhanced performance, and made changes in the Application Programming Interface (API) for improved functionality and consistency within the package, as well as increased compatibility with existing conventions used in other scientific software packages for Python. The most significant new features include efficient solvers for arbitrary time-dependent Hamiltonians and collapse operators, support for the Floquet formalism, and new solvers for Bloch–Redfield and Floquet–Markov master equations. Restrictions: Problems must meet the criteria for using the master equation in Lindblad, Floquet–Markov, or Bloch–Redfield form. Running time: A few seconds up to several tens of hours, depending on size of the underlying Hilbert space.}
}
﻿@inbook{BA_JordanWigner,
  author    = {Jordan, P.
               and Wigner, E. P.},
  editor    = {Wightman, Arthur S.},
  title     = {{\"U}ber das Paulische {\"A}quivalenzverbot},
  booktitle = {The Collected Works of Eugene Paul Wigner: Part A: The Scientific Papers},
  year      = {1993},
  publisher = {Springer Berlin Heidelberg},
  address   = {Berlin, Heidelberg},
  pages     = {109--129},
  abstract  = {Die Arbeit enth{\"a}lt eine Fortsetzung der k{\"u}rzlich von einem der Verfasser vorgelegten Note „Zur Quantenmechanik der Gasentartung``, deren Ergebnisse hier wesentlich erweitert werden. Es handelt sich darum, ein ideales oder nichtideales, dem Paulischen {\"A}quivalenzverbot unterworfenes Gas zu beschreiben mit Begriffen, die keinen Bezug nehmen auf den abstrakten Koordinatenraum der Atomgesamtheit des Gases, sondern nur den gew{\"o}hnlichen dreidimensionalen Raum benutzen. Das wird erm{\"o}glicht durch die Darstellung des Gases vermittelst eines gequantelten dreidimensionalen Wellenfeldes, wobei die besonderen nichtkommutativen Multiplikationseigenschaften der Wellenamplitude gleichzeitig f{\"u}r die Existenz korpus-kularer Gasatome und f{\"u}r die G{\"u}ltigkeit des Paulischen {\"A}quivalenzverbots verantwortlich sind. Die Einzelheiten der Theorie besitzen enge Analogien zu der entsprechenden Theorie f{\"u}r Einsteinsche ideale oder nichtideale Gase, wie sie von Dirac, Klein und Jordan ausgef{\"u}hrt wurde.},
  isbn      = {978-3-662-02781-3},
  doi       = {10.1007/978-3-662-02781-3_9},
  url       = {https://doi.org/10.1007/978-3-662-02781-3_9}
}


@inbook{BA_Jost2005,
  title     = {Metric Spaces: Continuity, Topological Notions, Compact Sets},
  booktitle = {Postmodern Analysis},
  year      = {2005},
  publisher = {Springer Berlin Heidelberg},
  address   = {Berlin, Heidelberg},
  pages     = {77--99},
  isbn      = {978-3-540-28890-9},
  doi       = {10.1007/3-540-28890-2_8},
  url       = {https://doi.org/10.1007/3-540-28890-2_8}
}
@article{BA_kaonan_correlations,
  author  = {Micadei, Kaonan and Peterson, John and Souza, Alexandre and Sarthour, Roberto and Oliveira, Ivan and Landi, Gabriel and Batalhão, Tiago and Serra, Roberto and Lutz, Eric},
  year    = {2019},
  month   = {06},
  pages   = {2456},
  title   = {Reversing the direction of heat flow using quantum correlations},
  volume  = {10},
  journal = {Nature Communications},
  doi     = {10.1038/s41467-019-10333-7}
}

@article{BA_kl-divergence,
  author    = {S. Kullback and R. A. Leibler},
  title     = {{On Information and Sufficiency}},
  volume    = {22},
  journal   = {The Annals of Mathematical Statistics},
  number    = {1},
  publisher = {Institute of Mathematical Statistics},
  pages     = {79 -- 86},
  year      = {1951},
  doi       = {10.1214/aoms/1177729694},
  url       = {https://doi.org/10.1214/aoms/1177729694}
}
@article{BA_Maier_longrange,
  title     = {Environment-Assisted Quantum Transport in a 10-qubit Network},
  author    = {Maier, Christine and Brydges, Tiff and Jurcevic, Petar and Trautmann, Nils and Hempel, Cornelius and Lanyon, Ben P. and Hauke, Philipp and Blatt, Rainer and Roos, Christian F.},
  journal   = {Phys. Rev. Lett.},
  volume    = {122},
  issue     = {5},
  pages     = {050501},
  numpages  = {6},
  year      = {2019},
  month     = {02},
  publisher = {American Physical Society},
  doi       = {10.1103/PhysRevLett.122.050501},
  url       = {https://link.aps.org/doi/10.1103/PhysRevLett.122.050501}
}
@inbook{BA_Mandelstam1991,
  author    = {Mandelstam, L.
               and Tamm, Ig.},
  editor    = {Bolotovskii, Boris M.
               and Frenkel, Victor Ya.
               and Peierls, Rudolf},
  title     = {The Uncertainty Relation Between Energy and Time in Non-relativistic Quantum Mechanics},
  booktitle = {Selected Papers},
  year      = {1991},
  publisher = {Springer Berlin Heidelberg},
  address   = {Berlin, Heidelberg},
  pages     = {115--123},
  abstract  = {An uncertainty relation between energy and time having a simple physical meaning is rigorously deduced from the principles of quantum mechanics. Some examples of its application are discussed.},
  isbn      = {978-3-642-74626-0},
  doi       = {10.1007/978-3-642-74626-0_8},
  url       = {https://doi.org/10.1007/978-3-642-74626-0_8}
}
@book{BA_maxwelldemon,
  title     = {Theory of heat},
  author    = {Maxwell, James Clerk},
  year      = {1872},
  publisher = {Longmans, Green and Co.},
  address   = {London},
  url       = {https://www3.nd.edu/~powers/ame.20231/maxwell1872.pdf}
}

@book{BA_messiah2014quantum,
  title     = {Quantum mechanics},
  author    = {Messiah, Albert},
  year      = {1991},
  publisher = {Courier Corporation}
}
@inbook{BA_Nolting2014,
  author    = {Nolting, Wolfgang},
  title     = {Hamilton-Mechanik},
  booktitle = {Grundkurs Theoretische Physik 2: Analytische Mechanik},
  year      = {2014},
  publisher = {Springer Berlin Heidelberg},
  address   = {Berlin, Heidelberg},
  pages     = {103--179},
  abstract  = {Dieses Kapitel besch{\"a}ftigt sich mit einer },
  isbn      = {978-3-642-41980-5},
  doi       = {10.1007/978-3-642-41980-5_2},
  url       = {https://doi.org/10.1007/978-3-642-41980-5_2}
}
@article{BA_Pendry_1983,
  doi       = {10.1088/0305-4470/16/10/012},
  url       = {https://doi.org/10.1088/0305-4470/16/10/012},
  year      = 1983,
  month     = {07},
  publisher = {{IOP} Publishing},
  volume    = {16},
  number    = {10},
  pages     = {2161--2171},
  author    = {J B Pendry},
  title     = {Quantum limits to the flow of information and entropy},
  journal   = {Journal of Physics A: Mathematical and General},
  abstract  = {The quantum limits to information flow are explored developing the central concept of a medium comprising several channels through which the information flows. In each channel there is an inequality between information flow I and energy flow E I2<or=E pi /(3h(cross)ln22) a relationship which, though speculated on before or derived for only a restricted class of systems, is proven for a wide range of systems. Applications are made to the energy cost of computing and to the maximum rate of cooling, Q, which in any one channel is Q<or= pi kB2T2/(3h(cross)).}
}

@article{BA_PhysRevB.99.054205,
  title     = {Out-of-time ordered correlators and entanglement growth in the random-field XX spin chain},
  author    = {Riddell, Jonathon and S\o{}rensen, Erik S.},
  journal   = {Phys. Rev. B},
  volume    = {99},
  issue     = {5},
  pages     = {054205},
  numpages  = {13},
  year      = {2019},
  month     = {Feb},
  publisher = {American Physical Society},
  doi       = {10.1103/PhysRevB.99.054205},
  url       = {https://link.aps.org/doi/10.1103/PhysRevB.99.054205}
}
@inbook{BA_Poschel2015,
  author    = {Pöschel, Jürgen},
  title     = {Fourierreihen},
  booktitle = {Noch mehr Analysis: Mehrdimensionale Integration, Fouriertheorie, Funktionentheorie},
  year      = {2015},
  publisher = {Springer Fachmedien Wiesbaden},
  address   = {Wiesbaden},
  pages     = {167--214},
  abstract  = {Unter den Lp-R{\"a}umen nimmt der Raum L2eine Sonderstellung ein, da es sich um einen Hilbertraum handelt -- also einen unendlich-dimensionalen Raum, der in seiner geometrischen Struktur dem klassischen n-dimensionalen euklidischen Raum am N{\"a}chsten kommt. In einem Hilbertraum ist, im Unterschied zu einem Banachraum, der Begriff der Orthogonalit{\"a}t wohldefiniert. Insbesondere besitzt jeder Hilbertraum eine Hilbertraumbasis aus orthonormalen Einheitsvektoren, und jedes Element besitzt eine eindeutige Darstellung durch eine, nicht notwendigerweise endliche, Linearkombination aus diesen Basisvektoren. Deren Koeffizienten hei{\ss}en die Fourierkoeffizienten dieses Elementes bez{\"u}glich dieser Orthonormalbasis, und die zugeh{\"o}rige Linearkombination aus den Basisvektoren ist die Fourierreihendarstellung des Elementes.},
  isbn      = {978-3-658-05854-8},
  doi       = {10.1007/978-3-658-05854-8_6},
  url       = {https://doi.org/10.1007/978-3-658-05854-8_6}
}

@article{Ba_QUANTUM-SPEED-LIM,
  title     = {Quantum speed limit for perfect state transfer in one dimension},
  author    = {Yung, Man-Hong},
  journal   = {Phys. Rev. A},
  volume    = {74},
  issue     = {3},
  pages     = {030303},
  numpages  = {4},
  year      = {2006},
  month     = {09},
  publisher = {American Physical Society},
  doi       = {10.1103/PhysRevA.74.030303},
  url       = {https://link.aps.org/doi/10.1103/PhysRevA.74.030303}
}

@article{BA_quantumcoherence,
  title     = {Colloquium: Quantum coherence as a resource},
  author    = {Streltsov, Alexander and Adesso, Gerardo and Plenio, Martin B.},
  journal   = {Rev. Mod. Phys.},
  volume    = {89},
  issue     = {4},
  pages     = {041003},
  numpages  = {34},
  year      = {2017},
  month     = {Oct},
  publisher = {American Physical Society},
  doi       = {10.1103/RevModPhys.89.041003},
  url       = {https://link.aps.org/doi/10.1103/RevModPhys.89.041003}
}

@article{BA_quantumdiscord,
  title     = {Necessary and Sufficient Condition for Nonzero Quantum Discord},
  author    = {Daki\ifmmode \acute{c}\else \'{c}\fi{}, Borivoje and Vedral, Vlatko and Brukner, \ifmmode \check{C}\else \v{C}\fi{}aslav},
  journal   = {Phys. Rev. Lett.},
  volume    = {105},
  issue     = {19},
  pages     = {190502},
  numpages  = {4},
  year      = {2010},
  month     = {Nov},
  publisher = {American Physical Society},
  doi       = {10.1103/PhysRevLett.105.190502},
  url       = {https://link.aps.org/doi/10.1103/PhysRevLett.105.190502}
}

@article{BA_quantumresource,
  title     = {Quantum resource theories},
  author    = {Chitambar, Eric and Gour, Gilad},
  journal   = {Rev. Mod. Phys.},
  volume    = {91},
  issue     = {2},
  pages     = {025001},
  numpages  = {48},
  year      = {2019},
  month     = {Apr},
  publisher = {American Physical Society},
  doi       = {10.1103/RevModPhys.91.025001},
  url       = {https://link.aps.org/doi/10.1103/RevModPhys.91.025001}
}
@article{BA_quantumteleport,
  author   = {Pirandola, S.
              and Eisert, J.
              and Weedbrook, C.
              and Furusawa, A.
              and Braunstein, S. L.},
  title    = {Advances in quantum teleportation},
  journal  = {Nature Photonics},
  year     = {2015},
  month    = {Oct},
  day      = {01},
  volume   = {9},
  number   = {10},
  pages    = {641-652},
  abstract = {This review covers state-of-the-art quantum teleportation technologies, from photonic qubits and optical modes to atomic ensembles, trapped atoms and solid-state systems. Open issues and potential future implementations are also discussed.},
  issn     = {1749-4893},
  doi      = {10.1038/nphoton.2015.154},
  url      = {https://doi.org/10.1038/nphoton.2015.154}
}
@article{BA_sagawa_dissertation,
  author   = {Sagawa, Takahiro},
  title    = {{Thermodynamics of Information Processing in Small Systems}},
  journal  = {Progress of Theoretical Physics},
  volume   = {127},
  number   = {1},
  pages    = {1-56},
  year     = {2012},
  month    = {01},
  abstract = {{We review a general theory of thermodynamics of information processing. The background of this topic is the recently-developed nonequilibrium statistical mechanics and quantum (and classical) information theory. These theories are closely related to the modern technologies to manipulate and observe small systems; for example, macromolecules and colloidal particles in the classical regime, and quantum-optical systems and quantum dots in the quantum regime.First, we review a generalization of the second law of thermodynamics to the situations in which small thermodynamic systems are subject to quantum feedback control. The generalized second law is expressed in terms of an inequality that includes the term of information obtained by the measurement, as well as the thermodynamic quantities such as the free energy. This inequality leads to the fundamental upper bound of the work that can be extracted by a “Maxwell's demon”, which can be regarded as a feedback controller with a memory that stores measurement outcomes.Second, we review generalizations of the second law of thermodynamics to the measurement and information erasure processes of the memory of the demon that is a quantum system. The generalized second laws consist of inequalities that identify the lower bounds of the energy costs that are needed for the measurement and the information erasure. The inequality for the erasure leads to the celebrated Landauer's principle for a special case. Moreover, these inequalities enable us to reconcile Maxwell's demon with the second law of thermodynamics.In these inequalities, thermodynamic quantities and information contents are treated on an equal footing. In fact, the inequalities are model-independent, so that they can be applied to a broad class of information processing. Therefore, these inequalities can be called the second law of “information thermodynamics”.}},
  issn     = {0033-068X},
  doi      = {10.1143/PTP.127.1},
  url      = {https://doi.org/10.1143/PTP.127.1},
  eprint   = {https://academic.oup.com/ptp/article-pdf/127/1/1/19572485/127-1.pdf},
  chapter  = {1-7,10}
}
@article{BA_shannon,
  author  = {Shannon, C. E.},
  journal = {The Bell System Technical Journal},
  title   = {A mathematical theory of communication},
  year    = {1948},
  volume  = {27},
  number  = {3},
  pages   = {379-423},
  doi     = {10.1002/j.1538-7305.1948.tb01338.x}
}
@article{BA_szilard1929entropieverminderung,
  title     = {{\"U}ber die Entropieverminderung in einem thermodynamischen System bei Eingriffen intelligenter Wesen},
  author    = {Szilard, Leo},
  journal   = {Zeitschrift f{\"u}r Physik},
  volume    = {53},
  number    = {11},
  pages     = {840--856},
  year      = {1929},
  publisher = {Springer}
}
@article{BA_UHLMANN1976273,
  title    = {The “transition probability” in the state space of a ∗-algebra},
  journal  = {Reports on Mathematical Physics},
  volume   = {9},
  number   = {2},
  pages    = {273-279},
  year     = {1976},
  issn     = {0034-4877},
  doi      = {https://doi.org/10.1016/0034-4877(76)90060-4},
  url      = {https://www.sciencedirect.com/science/article/pii/0034487776900604},
  author   = {A. Uhlmann},
  abstract = {Let ω,ϱ be two states of a ∗-algebra and let us consider representations of this algebra R for which ω and ϱ are realized as vector states by vectors x and y. The transition probability P(ω,ϱ) is the spectrum of all the numbers |(x,y)|2 taken over all such realizations. We derive properties of this straightforward generalization of the quantum mechanical transition probability and give, in some important cases, an explicit expression for this quantity.}
}
@article{BA_yung_generalized-perfect-transfer,
  title     = {Perfect state transfer, effective gates, and entanglement generation in engineered bosonic and fermionic networks},
  author    = {Yung, Man-Hong and Bose, Sougato},
  journal   = {Phys. Rev. A},
  volume    = {71},
  issue     = {3},
  pages     = {032310},
  numpages  = {6},
  year      = {2005},
  month     = {Mar},
  publisher = {American Physical Society},
  doi       = {10.1103/PhysRevA.71.032310},
  url       = {https://link.aps.org/doi/10.1103/PhysRevA.71.032310}
}
@article{Deffner_2020,
  title     = {Quantum speed limits and the maximal rate of information production},
  author    = {Deffner, Sebastian},
  journal   = {Phys. Rev. Research},
  volume    = {2},
  issue     = {1},
  pages     = {013161},
  numpages  = {7},
  year      = {2020},
  month     = {Feb},
  publisher = {American Physical Society},
  doi       = {10.1103/PhysRevResearch.2.013161},
  url       = {https://link.aps.org/doi/10.1103/PhysRevResearch.2.013161}
}
@article{HS_BA_landauer1961irreversibility,
  title     = {Irreversibility and heat generation in the computing process},
  author    = {Landauer, Rolf},
  journal   = {IBM journal of research and development},
  volume    = {5},
  number    = {3},
  pages     = {183--191},
  year      = {1961},
  publisher = {Ibm}
}
@article{HS_BA_Seifert_2012,
  doi       = {10.1088/0034-4885/75/12/126001},
  url       = {https://doi.org/10.1088/0034-4885/75/12/126001},
  year      = 2012,
  month     = {nov},
  publisher = {{IOP} Publishing},
  volume    = {75},
  number    = {12},
  pages     = {126001},
  author    = {Udo Seifert},
  title     = {Stochastic thermodynamics, fluctuation theorems and molecular machines},
  journal   = {Reports on Progress in Physics},
  abstract  = {Stochastic thermodynamics as reviewed here systematically provides a framework for extending the notions of classical thermodynamics such as work, heat and entropy production to the level of individual trajectories of well-defined non-equilibrium ensembles. It applies whenever a non-equilibrium process is still coupled to one (or several) heat bath(s) of constant temperature. Paradigmatic systems are single colloidal particles in time-dependent laser traps, polymers in external flow, enzymes and molecular motors in single molecule assays, small biochemical networks and thermoelectric devices involving single electron transport. For such systems, a first-law like energy balance can be identified along fluctuating trajectories. For a basic Markovian dynamics implemented either on the continuum level with Langevin equations or on a discrete set of states as a master equation, thermodynamic consistency imposes a local-detailed balance constraint on noise and rates, respectively. Various integral and detailed fluctuation theorems, which are derived here in a unifying approach from one master theorem, constrain the probability distributions for work, heat and entropy production depending on the nature of the system and the choice of non-equilibrium conditions. For non-equilibrium steady states, particularly strong results hold like a generalized fluctuation–dissipation theorem involving entropy production. Ramifications and applications of these concepts include optimal driving between specified states in finite time, the role of measurement-based feedback processes and the relation between dissipation and irreversibility. Efficiency and, in particular, efficiency at maximum power can be discussed systematically beyond the linear response regime for two classes of molecular machines, isothermal ones such as molecular motors, and heat engines such as thermoelectric devices, using a common framework based on a cycle decomposition of entropy production.}
}
@book{HS_BA_SeifertSkript,
  title     = {Foundations of statistical physics and thermodynamics from a dynamical perspective},
  author    = {Udo Seifert},
  year      = {unpublished lecture notes},
  publisher = {},
  address   = {Institute for theoretical physics II, Universität Stuttgart, 70550 Stuttgart, Germany}
}
@article{HS_crooks1998nonequilibrium,
  title     = {Nonequilibrium measurements of free energy differences for microscopically reversible Markovian systems},
  author    = {Crooks, Gavin E},
  journal   = {Journal of Statistical Physics},
  volume    = {90},
  number    = {5},
  pages     = {1481--1487},
  year      = {1998},
  publisher = {Springer}
}
@article{HS_Jarzynski_1997,
  doi       = {10.1103/physrevlett.78.2690},
  url       = {https://doi.org/10.1103%2Fphysrevlett.78.2690},
  year      = 1997,
  month     = {apr},
  publisher = {American Physical Society ({APS})},
  volume    = {78},
  number    = {14},
  pages     = {2690--2693},
  author    = {C. Jarzynski},
  title     = {Nonequilibrium Equality for Free Energy Differences},
  journal   = {Physical Review Letters}
}
@article{HS_kawai2007dissipation,
  title     = {Dissipation: The phase-space perspective},
  author    = {Kawai, Ryoichi and Parrondo, Juan MR and Van den Broeck, Christian},
  journal   = {Physical review letters},
  volume    = {98},
  number    = {8},
  pages     = {080602},
  year      = {2007},
  publisher = {APS}
}
@article{HS_liphardt2002equilibrium,
  title     = {Equilibrium information from nonequilibrium measurements in an experimental test of Jarzynski's equality},
  author    = {Liphardt, Jan and Dumont, Sophie and Smith, Steven B and Tinoco Jr, Ignacio and Bustamante, Carlos},
  journal   = {Science},
  volume    = {296},
  number    = {5574},
  pages     = {1832--1835},
  year      = {2002},
  publisher = {American Association for the Advancement of Science}
}
@article{wittgenstein1921logisch,
  title   = {Logisch-philosophische abhandlung},
  author  = {Wittgenstein, Ludwig},
  journal = {Annalen der Naturphilosophie},
  volume  = {14},
  pages   = {185--262},
  year    = {1921}
}
